@misc{ iTunes11,
  title = {{The Evolution of iTunes} iTunes 11- A controversial redesign },
  author = {Julianne Pepitone \and David Goldman}
  howpublished = {\url{http://money.cnn.com/gallery/technology/2013/04/25/itunes-history/8.html}},
  note = {Accessed: 2014-09-26}
}