@inproceedings{
    UserAcceptance,
    author = {Karahano\u{g}lu, Arma\u{g}an and Erbu\u{g}, \c{C}i\u{g}dem},
    title = {Perceived Qualities of Smart Wearables: Determinants of User Acceptance},
    booktitle = {Proceedings of the 2011 Conference on Designing Pleasurable Products and Interfaces},
    series = {DPPI '11},
    year = {2011},
    isbn = {978-1-4503-1280-6},
    location = {Milano, Italy},
    pages = {26:1--26:8},
    articleno = {26},
    numpages = {8},
    url = {http://doi.acm.org/10.1145/2347504.2347533},
    doi = {10.1145/2347504.2347533},
    acmid = {2347533},
    publisher = {ACM},
    address = {New York, NY, USA},
    keywords = {experience design, human values, perceived qualities, smart wearables, user preferences},
}

@inproceedings{
    WhyUsersDont,
    author = {Gretchen Anderson and Gwanhoo Lee},
    title = {Why Consumers (Don't) Adopt Smart Wearable Electronics},
    booktitle = {IEEE Pervasive Computing},
    doi = {10.1109/MPRV.2008.64},
    pages = {10-12},
    volume = {7},
    articleno = {3},
    publisher = {IEEE},
    year = {2008},
    month = {July-September}
}


@misc{ 
    Peregrinegloves,
    author = {Brian Westover},
    title = {Peregrine Glove},
    year = {2012},
    month = {June},
	journal = {PC Magazine},
    url = {http://www.pcmag.com/article2/0,2817,2405361,00.asp}, 
    note = {Published on June 5, 2012}	
}

@misc{
    fromCyborgsToGG,
    author = {Paul Lukowicz},
    title = {Head-Mounted Displays: From Cyborgs to Google Glass},
    url = {http://www.wearable-technologies.com/2013/05/head-mounted-displays-from-cyborgs-to-google-glass/},
    month = {May},
    year = {2013},
    journal = {Wearable Technology},
    note = {Accessed on October 20, 2014}
}

@misc{ 
    VandricoTopTen,
    author = {Josephine Clarisse},
    title = {Kickstarter’s Top Ten Designer Dreams: Five Are Wearables.},
    year = {2014},
    month = {March},
    editor = {Vandrico.com},
    url = {http://vandrico.com/blog/kickstarter\%E2\%80\%99s-top-ten-designer-dreams-five-are-wearables},
    note = {Published on March 25, 2012}
}

@inproceedings{
    WearableHumanView,
    author = {Genaro Motti, Vivian and Kohn, Spencer and Caine, Kelly},
    title = {Wearable Computing: A Human-centered View of Key Concepts, Application Domains, and Quality Factors},
    booktitle = {Proceedings of the 16th International Conference on Human-computer Interaction with Mobile Devices \&\#38; Services},
    series = {MobileHCI '14},
    year = {2014},
    isbn = {978-1-4503-3004-6},
    location = {Toronto, ON, Canada},
    pages = {563--564},
    numpages = {2},
    url = {http://doi.acm.org/10.1145/2628363.2645669},
    doi = {10.1145/2628363.2645669},
    acmid = {2645669},
    publisher = {ACM},
    address = {New York, NY, USA},
    keywords = {design, human factors, wearability, wearable devices},
} http://www.google.com/glass/help/

@misc{ 
    VandricoList,
    title = {Vandrico Wearable Technology Database},
    year = {2014},
    month = {October},
    editor = {Vandrico.com},
    url = {http://vandrico.com/database},
    note = {Published on October 12, 2014}
}

@misc{
    negativeGlassReactions,
    title = {Google Glass users fight privacy fears},
    year = {2013},
    month = {December},
    editor = {CNN},
    url = {http://www.cnn.com/2013/12/10/tech/mobile/negative-google-glass-reactions/},
    note = {Accessed on October 13, 2014}
}
@article{
    starnerChallenges1,
    title={The challenges of wearable computing: Part 1},
    author={Starner, Thad},
    journal={IEEE Micro},
    volume={21},
    number={4},
    pages={44--52},
    year={2001},
    publisher={IEEE Computer Society}
}

@article{
    starnerChallenges2,
    title={The challenges of wearable computing: Part 2},
    author={Starner, Thad},
    journal={IEEE Micro},
    volume={21},
    number={4},
    pages={54--67},
    year={2001}
}
b
@inproceedings{
    hmdOlderAdults,
    author = {Kunze, Kai and Henze, Niels and Kise, Koichi},
    title = {Wearable Computing for Older Adults: Initial Insights into Head-mounted Display Usage},
    booktitle = {Proceedings of the 2014 ACM International Joint Conference on Pervasive and Ubiquitous Computing: Adjunct Publication},
    series = {UbiComp '14 Adjunct},
    year = {2014},
    isbn = {978-1-4503-3047-3},
    location = {Seattle, Washington},
    pages = {83--86},
    numpages = {4},
    url = {http://doi.acm.org/10.1145/2638728.2638747},
    doi = {10.1145/2638728.2638747},
    acmid = {2638747},
    publisher = {ACM},
    address = {New York, NY, USA},
    keywords = {Google Glass, accessibility, head mounted display, older adults, universal design, wearable computing},
} 

@INPROCEEDINGS{
    ultimateWearable,
    author={Thomas, B.H.},
    booktitle={Wearable Computers (ISWC), 2012 16th International Symposium on},
    title={Have We Achieved the Ultimate Wearable Computer?},
    year={2012},
    month={June},
    pages={104-107},
    keywords={clothing;ubiquitous computing;wearable computers;context awareness;garment integration;user interaction;wearable computer system form factor;Augmented reality;Biomedical monitoring;Clothing;Communities;Context-aware services;Mobile communication;Wearable computers;International Symposium on Wearable Computers;Overview;Wearable Computer},
    doi={10.1109/ISWC.2012.26},
    ISSN={1550-4816}
}

@misc{
 wearablesOverTime,
 author  = "Angeline Stewart",
 title   = "Wearcompevolution2 - Word of Angeline Stewart",
 year    = "2013",
 month   = "March",
 url     = " http://commons.wikimedia.org/wiki/File:Wearcompevolution2.jpg",
 note    = "Licensed under Creative Commons Attribution",
}

@article{
 smartClothingShift,
 author = {Mann, Steve},
 title = {Smart Clothing: The Shift to Wearable Computing},
 journal = {Commun. ACM},
 issue_date = {Aug. 1996},
 volume = {39},
 number = {8},
 month = aug,
 year = {1996},
 issn = {0001-0782},
 pages = {23--24},
 numpages = {2},
 url = {http://doi.acm.org/10.1145/232014.232021},
 doi = {10.1145/232014.232021},
 acmid = {232021},
 publisher = {ACM},
 address = {New York, NY, USA},
} 

@inproceedings{
 wearableFaceToFace,
 author = {McAtamney, Gerard and Parker, Caroline},
 title = {An Examination of the Effects of a Wearable Display on Informal Face-to-face Communication},
 booktitle = {Proceedings of the SIGCHI Conference on Human Factors in Computing Systems},
 series = {CHI '06},
 year = {2006},
 isbn = {1-59593-372-7},
 location = {Montr\&\#233;al, Qu\&\#233;bec, Canada},
 pages = {45--54},
 numpages = {10},
 url = {http://doi.acm.org/10.1145/1124772.1124780},
 doi = {10.1145/1124772.1124780},
 acmid = {1124780},
 publisher = {ACM},
 address = {New York, NY, USA},
 keywords = {attention, conversation, displays, eye-contact, information, social computing, wearables, wearer vs non-wearer},
}

@misc{
 userInteractionMultipleDisplays,
 author = {Kollee, Barry},
 title = {Exploring User Interaction Techniques for Head Mounted Devices to Control Content on Multiple Displays acm},
 month = {January},
 year = {2001},
 url = {http://dare.uva.nl/cgi/arno/show.cgi?fid=543091},
 publisher = {University of Amsterdam},
 address = {Amsterdam, The Netherlands},
} 

@misc{
  epiphany,
  title = {Epiphany Eyewear, ambient HD recording glasses},
  url = {http://web.archive.org/web/20080207010024/http://www.808multimedia.com/winnt/kernel.htm},
  note = {Accessed: 2014-10-21}
}

@misc{
  glassHelp,
  title = {Glass Help},
  url = {http://www.google.com/glass/help/},
  note = {Accessed: 2014-10-21}
}

@inproceedings{
 inputForHDMs,
 author = {Cola\c{c}o, Andrea and Kirmani, Ahmed and Yang, Hye Soo and Gong, Nan-Wei and Schmandt, Chris and Goyal, Vivek K.},
 title = {Mime: Compact, Low Power 3D Gesture Sensing for Interaction with Head Mounted Displays},
 booktitle = {Proceedings of the 26th Annual ACM Symposium on User Interface Software and Technology},
 series = {UIST '13},
 year = {2013},
 isbn = {978-1-4503-2268-3},
 location = {St. Andrews, Scotland, United Kingdom},
 pages = {227--236},
 numpages = {10},
 url = {http://doi.acm.org/10.1145/2501988.2502042},
 doi = {10.1145/2501988.2502042},
 acmid = {2502042},
 publisher = {ACM},
 address = {New York, NY, USA},
 keywords = {3d sensing, gesture sensing, glasses, hand tracking, head mounted displays, mobile, time-of- flight imaging},
} 

@article{
 voiceRecognitionTroubles,
 author = {Jeong, Minwoo and Lee, Gary Geunbae},
 title = {Improving Speech Recognition and Understanding Using Error-Corrective Reranking},
 journal = {Commun. ACM}, 
 issue_date = {February 2008},
 volume = {7},
 number = {1},
 month = feb,
 year = {2008},
 issn = {1530-0226},
 pages = {2:1--2:26},
 articleno = {2},
 numpages = {26},
 url = {http://doi.acm.org/10.1145/1330291.1330293},
 doi = {10.1145/1330291.1330293},
 acmid = {1330293},
 publisher = {ACM},
 address = {New York, NY, USA},
 keywords = {Error-corrective reranking, automatic speech recognition, improving spoken dialogue system, spoken-language understanding},
} 

